<?xml version="1.0" encoding="UTF-8"?><collection xmlns="http://www.loc.gov/MARC21/slim"><record><leader>00459nam--2200169-i-4500</leader><controlfield tag="001">000001403</controlfield><controlfield tag="002">20161230</controlfield><controlfield tag="005">20161230201024</controlfield><controlfield tag="008">060222s1000------------r-----000-0-eng-d</controlfield><datafield ind1=" " ind2=" " tag="080"><subfield code="a">517.9</subfield></datafield><datafield ind1="1" ind2=" " tag="100"><subfield code="a">Goering,H. s.a</subfield></datafield><datafield ind1="1" ind2="0" tag="245"><subfield code="a">Singularly perturbad differential equations</subfield></datafield><datafield ind1=" " ind2=" " tag="260"><subfield code="a">Berlin, Akademik Verlag, 1983. 176 P</subfield></datafield><datafield ind1=" " ind2=" " tag="490"><subfield code="a">Mathematical Reasearch</subfield></datafield><datafield ind1=" " ind2=" " tag="700"><subfield code="a">Goering, Herbert/S.A.</subfield></datafield><datafield ind1=" " ind2=" " tag="852"><subfield code="a">73325</subfield><subfield code="c">517.9</subfield></datafield><datafield ind1=" " ind2=" " tag="CAT"><subfield code="a">Sys</subfield><subfield code="c">20090429</subfield><subfield code="h">131359</subfield></datafield></record></collection>